@article{costa2017distinct,
    title={Distinct antigen delivery systems induce dendritic cells’ divergent transcriptional response: new insights from a comparative and reproducible computational analysis},
    author={Costa, Valerio and Righelli, Dario and Russo, Francesco and De Berardinis, Piergiuseppe and Angelini, Claudia and D’Apice, Luciana},
    journal={International journal of molecular sciences},
    volume={18},
    number={3},
    pages={494},
    year={2017},
    publisher={Multidisciplinary Digital Publishing Institute}
}